@inproceedings{matsui1993linear,
    title = {Linear cryptanalysis method for DES cipher},
    author = {Matsui, Mitsuru},
    booktitle = {Workshop on the Theory and Application of of Cryptographic Techniques},
    pages = {386--397},
    year = {1993},
    organization = {Springer}
}

@inproceedings{biham1992differential,
    title = {Differential cryptanalysis of the full 16-round DES},
    author = {Biham, Eli and Shamir, Adi},
    booktitle = {Annual International Cryptology Conference},
    pages = {487--496},
    year = {1992},
    organization = {Springer}
}

@misc{what3words,
    title = {{What3words}},
    howpublished= "\url{https://what3words.com/}",
}

@misc{what3words_support,
    title = {{What3words: What are the longest and shortest words used?}},
    howpublished = "\url{https://support.what3words.com/en/articles/2212810-what-are-the-shortest-and-longest-words-used}"
}

@misc{what3words_wikipedia,
    title = {{What3words Wikipedia}},
    howpublished = "\url{https://en.wikipedia.org/wiki/What3words}",
    publisher = {Wikimedia Foundation}
}

@misc{attack_dictionary,
    title = {{GitHub: 10,000 Most Common Words}},
    howpublished = "\url{https://github.com/first20hours/google-10000-english}"
}
