@misc{latex_command_frequencies,
    title = {{Latex Command Frequencies}},
    howpublished= "\url{https://www.johndcook.com/blog/2020/04/19/latex-command-frequencies/}",
}

@misc{reference-arithmetic-coding,
    title = {{Reference Arithmetic Coding}},
    howpublished= "\url{https://github.com/nayuki/Reference-arithmetic-coding}",
}

@misc{arithmetic-coding-video,
    title = {{IC 5, Arithmetic Coding}},
    howpublished= "\url{https://www.youtube.com/watch?v=ouYV3rBtrTI}",
}

@misc{dictionary-source,
    title = {{High-frequency Vocabulary}},
    howpublished= "\url{https://github.com/derekchuank/high-frequency-vocabulary}",
}
